@Book{Foo,
	author = "John Doe",
	title = "How to Foo",
	year = 1970,
	isbn = "1234-5678",
	edition = "7th",
	publisher = "Publisher",
	address = "Ougadougou"
}
@Article{ksplay-sherk,
	author = {Murray Sherk},
	title = {Self-Adjusting $k$-ary Search Trees},
	journal = {Journal of Algorithms},
	year = 1995,
	number = 1,
	pages = {25-44},
	month = {July},
	volume = 19
}
@Article{willard92,
	author = {Dan Edward Willard},
	title = "A density control algorithm for doing insertions and deletions
		in a sequentially ordered file in a good worst-case time",
	month = {April},
	journal = {Information and Computation},
	year = 1992,
	volume = 97,
	number = 2,
	pages = {150-204}
}
@Article{splay,
	author = "Daniel Dominic Sleator and Robert Endre Tarjan",
	title = "Self-Adjusting Binary Search Trees",
	journal = "Journal of the ACM",
	volume = 32,
	number = 3,
	month = {July},
	year = 1985,
	pages = {625-686}
}
@Article{cobt,
	author = {Michael A. Bender and Erik D. Demaine and Martin
		Farach-Colton},
	title = {Cache-Oblivious B-Trees},
	journal = {SIAM Journal on Computing},
	volume = 35,
	number = 2,
	year = 2005,
	pages = {341-358}
}
@InProceedings{ksplay-nonopt,
	author = {D. J. McClurkin and G. F. Georgakopoulos},
	title = {Sphendamn\oe: A Proof that $k$-Splay Fails to Achieve $\log_k N$
	Behaviour},
	booktitle = {Advances in Informatics: 8th Panhellenic Conference on
		Informatics, PCI 2001},
	pages = {480-496},
	year = 2001
}
@InProceedings{brodal01,
	author = {Gerth St\olting Brodal and Rolf Fagerberg and Riko Jacob},
	title = {Cache oblivious search trees via binary trees of small height},
	booktitle = {SODA '02 Proceedings of the 13th {A}nnual ACM-SIAM
		{S}ymposium on Discrete algorithms},
	pages = {39-48},
	year = 2002
}
@InProceedings{Ailamaki:2004:DAN:1316689.1316801,
	author = {Ailamaki, Anastassia},
	title = {Database Architectures for New Hardware},
	booktitle = {Proceedings of the Thirtieth International Conference on Very Large Data Bases - Volume 30},
	series = {VLDB '04},
	year = {2004},
	isbn = {0-12-088469-0},
	location = {Toronto, Canada},
	pages = {1241--1241},
	numpages = {1},
	acmid = {1316801},
	publisher = {VLDB Endowment},
}
@Article{van-emde-boas,
	author = {Van Emde Boas, Peter and Kaas, R. and Zijlstra, E.},
	journal = {Mathematical Systems Theory},
	pages = {99-127},
	title = {Design and Implementation of an Efficient Priority Queue},
	volume = 10,
	year = 1977
}
@Article{martel,
	author = {Charles U. Martel},
	journal = {Information Processing Letters},
	number = 3,
	pages = {135-141},
	title = {Self-Adjusting Multi-Way Search Trees},
	volume = 38,
	year = 1991
}
@InProceedings{implicit-cob,
	author = {Gianni Franceschini and Roberto Grossi},
	title = {Optimal Worst-Case Operations for Implicit Cache-Oblivious
		Search Trees},
	booktitle = {Algorithms and Data Structures: 8th International Workshop,
		WADS 2003, Ottawa, Ontario, Canada, July 30 - August 1, 2003.
			Proceedings},
	series = {Lecture Notes in Computer Science},
	volume = 2748,
	pages = {114-126},
	year = 2003,
	isbn = {3-540-40545-3}
}
